<record><leader>00000cas a22000007a 4500</leader><controlfield tag="001">29970246</controlfield><controlfield tag="008">940315d19uu1922nmuwr ne      0   a0eng d</controlfield><datafield ind1=" " ind2=" " tag="010"><subfield code="a">sn 94057002 </subfield></datafield><datafield ind1=" " ind2=" " tag="040"><subfield code="a">NVM</subfield><subfield code="b">eng</subfield><subfield code="c">NVM</subfield><subfield code="d">OCLCQ</subfield><subfield code="d">OCLCF</subfield><subfield code="d">DLC</subfield></datafield><datafield ind1="0" ind2=" " tag="022"><subfield code="a">2375-8716</subfield><subfield code="2">1</subfield></datafield><datafield ind1=" " ind2=" " tag="042"><subfield code="a">msc</subfield><subfield code="a">nsdp</subfield></datafield><datafield ind1=" " ind2=" " tag="043"><subfield code="a">n-us-nm</subfield></datafield><datafield ind1="0" ind2="0" tag="050"><subfield code="a">Newspaper</subfield></datafield><datafield ind1="0" ind2="0" tag="082"><subfield code="a">071</subfield><subfield code="2">23</subfield></datafield><datafield ind1=" " ind2="0" tag="222"><subfield code="a">Taiban Valley news</subfield><subfield code="b">(Print)</subfield></datafield><datafield ind1="0" ind2="0" tag="245"><subfield code="a">Taiban Valley news.</subfield></datafield><datafield ind1=" " ind2=" " tag="260"><subfield code="a">Taiban, Roosevelt County, N.M. :</subfield><subfield code="b">Mrs. C.I. Speight &amp; Sons</subfield></datafield><datafield ind1=" " ind2=" " tag="300"><subfield code="a">v.</subfield></datafield><datafield ind1=" " ind2=" " tag="310"><subfield code="a">Weekly</subfield></datafield><datafield ind1="0" ind2=" " tag="362"><subfield code="a">-v. 14, no. 52 (Oct. 27, 1922).</subfield></datafield><datafield ind1=" " ind2=" " tag="530"><subfield code="a">Archived issues are available in digital format from the Library of Congress Chronicling America online collection.</subfield></datafield><datafield ind1=" " ind2=" " tag="588"><subfield code="a">Description based on: Vol. 10, no. 37 (June 15, 1917).</subfield></datafield><datafield ind1=" " ind2="0" tag="651"><subfield code="a">Taiban (N.M.)</subfield><subfield code="v">Newspapers.</subfield></datafield><datafield ind1=" " ind2="0" tag="651"><subfield code="a">Roosevelt County (N.M.)</subfield><subfield code="v">Newspapers.</subfield></datafield><datafield ind1=" " ind2="0" tag="651"><subfield code="a">De Baca County (N.M.)</subfield><subfield code="v">Newspapers.</subfield></datafield><datafield ind1=" " ind2="7" tag="651"><subfield code="a">New Mexico</subfield><subfield code="z">De Baca County.</subfield><subfield code="2">fast</subfield><subfield code="0">(OCoLC)fst01221067</subfield></datafield><datafield ind1=" " ind2="7" tag="651"><subfield code="a">New Mexico</subfield><subfield code="z">Roosevelt County.</subfield><subfield code="2">fast</subfield><subfield code="0">(OCoLC)fst01215725</subfield></datafield><datafield ind1=" " ind2="7" tag="651"><subfield code="a">New Mexico</subfield><subfield code="z">Taiban.</subfield><subfield code="2">fast</subfield><subfield code="0">(OCoLC)fst01260531</subfield></datafield><datafield ind1=" " ind2="7" tag="655"><subfield code="a">Newspapers.</subfield><subfield code="2">fast</subfield><subfield code="0">(OCoLC)fst01423814</subfield></datafield><datafield ind1=" " ind2=" " tag="752"><subfield code="a">United States</subfield><subfield code="b">New Mexico</subfield><subfield code="c">De Baca</subfield><subfield code="d">Taiban.</subfield></datafield><datafield ind1="0" ind2="8" tag="776"><subfield code="i">Online version:</subfield><subfield code="t">Taiban Valley news</subfield><subfield code="x">2375-8724</subfield><subfield code="w">(DLC)  2014218723</subfield><subfield code="w">(OCoLC)894480857</subfield></datafield><datafield ind1="0" ind2="0" tag="785"><subfield code="t">De Baca County news (Fort Sumner, N.M. : 1922)</subfield><subfield code="w">(DLC)sn 94057003</subfield><subfield code="w">(OCoLC)8363561</subfield></datafield><datafield ind1="4" ind2="1" tag="856"><subfield code="u">http://www.loc.gov/chroniclingamerica/lccn/sn94057002/issues</subfield></datafield><datafield ind1="1" ind2=" " tag="029"><subfield code="a">AU@</subfield><subfield code="b">000025900051</subfield></datafield></record>